@misc{C3_wiki,
 author = "Wikipedia",
   title = "C3 Carbon Fixation --- {W}ikipedia",
   year = "2016",
   url = "https://en.wikipedia.org/wiki/C3_carbon_fixation",
   note = "[Online; accessed 28-November-2016]"
},

@misc{photo_wiki,
 author = "Wikipedia",
   title = "Photosynthesis --- {W}ikipedia",
   year = "2016",
   url = "https://en.wikipedia.org/wiki/Photosynthesis",
   note = "[Online; accessed 28-November-2016]"
},

@misc{chloroplast,
 author = "Charles D. Lawrence, MPH, Ph.D.",
   title = "Interactive Science Learning Modules --- Photosynthesis",
   year = "2016",
   url = "http://history.cpet.ufl.edu/lm/photosynthesis/chloroplast01.html",
   note = "[Online; accessed 28-November-2016]"
},

@article{carbon_path,
    author    = " Bassham J, Benson A, Calvin M",
    title     = "The path of carbon in photosynthesis",
    journal   = "J Biol Chem.",
    volume   = "182",
    number   = "2",
    pages    = "781–7",
    year      = "1950",
    note =  "doi:10.2172/910351. PMID 14774424."
},

@article{gillespie,
    author    = "Daniel T Gillespie",
    title     = "A general method for numerically 
    simulating the stochastic time evolution of 
    coupled chemical reactions",
    journal   = "Journal of Computational Physics",
    volume   = "22",
    number   = "4",
    pages    = "403-434",
    year      = "1976",
    note =  "doi:10.1016/0021-9991(76)90041-3"
},

@misc{gillespie_wiki,
 author = "Wikipedia",
   title = "Gillespie Algorithm --- {W}ikipedia",
   year = "2016",
   url = "https://en.wikipedia.org/wiki/Gillespie_algorithm",
   note = "[Online; accessed 28-November-2016]"
},

@article{dykeman,
    author    = "Eric C. Dykeman",
    title     = "An implementation of the Gillespie algorithm
    for RNA kinetics with logarithmic time update",
    journal   = "Nucleic Acids Research",
    volume   = "43",
    number   = "12",
    pages    = "5708-5715",
    year      = "2015",
    note =  "doi: 10.1093/nar/gkv480"
},

@article{vestergaard,
    author    = "Vestergaard CL, Génois M",
    title     = "Temporal Gillespie Algorithm: Fast Simulation of Contagion
    Processes on Time-Varying Networks",
    journal   = "PLoS Comput Biol ",
    volume   = "11",
    number   = "10",
    pages    = "",
    year      = "2015",
    note =  "doi:10.1371/journal.pcbi.1004579"
},

@misc{hallen,
 author = "Daniel Hallén, Robert Rundberg",
   title = "Mathematical modelling of natural and 
   artificial photosynthesis",
   year = "2016",
   url = "http://www.math.chalmers.se/Math/Grundutb/CTH/tma075/0405/ModellingPhotosynthesis.pdf",
   note = "[Online; accessed 28-November-2016]"
},

@article{models,
    author    = "Graham D. Farquhar*, Susanne von Caemmerer, and Joseph A. Berry",
    title     = "Models of photosynthesis",
    journal   = "",
    volume   = "43",
    number   = "12",
    pages    = "42-45",
    year      = "2015",
    note =  "doi: 10.1093/nar/gkv480"
},
